<mx:record xmlns="http://www.w3.org/TR/xhtml1/strict" xmlns:mx="http://www.loc.gov/MARC21/slim" xmlns:xsi="http://www.w3.org/2001/XMLSchema-instance"><mx:leader>00000cz   2200000n  4500</mx:leader><mx:controlfield tag="001">oca00734700 </mx:controlfield><mx:controlfield tag="005">20000502152102.0</mx:controlfield><mx:controlfield tag="008">820422n| acannaab           |a aaa      </mx:controlfield><mx:datafield ind1=" " ind2=" " tag="010"><mx:subfield code="a">n  82037655 </mx:subfield></mx:datafield><mx:datafield ind1=" " ind2=" " tag="040"><mx:subfield code="a">DLC</mx:subfield><mx:subfield code="c">DLC</mx:subfield><mx:subfield code="d">DLC</mx:subfield></mx:datafield><mx:datafield ind1="0" ind2=" " tag="100"><mx:subfield code="a">Theophanes,</mx:subfield><mx:subfield code="c">the Confessor,</mx:subfield><mx:subfield code="d">d. ca. 818.</mx:subfield></mx:datafield><mx:datafield ind1="0" ind2=" " tag="400"><mx:subfield code="a">Theophanes,</mx:subfield><mx:subfield code="c">Confessor,</mx:subfield><mx:subfield code="d">d. ca. 818</mx:subfield></mx:datafield><mx:datafield ind1="0" ind2=" " tag="400"><mx:subfield code="a">Theophanēs,</mx:subfield><mx:subfield code="c">Homologētēs,</mx:subfield><mx:subfield code="d">d. ca. 818</mx:subfield></mx:datafield><mx:datafield ind1="0" ind2=" " tag="400"><mx:subfield code="a">Theophanes Confessor,</mx:subfield><mx:subfield code="d">d. ca. 817</mx:subfield><mx:subfield code="w">nnaa</mx:subfield></mx:datafield><mx:datafield ind1="0" ind2=" " tag="400"><mx:subfield code="a">Feofan,</mx:subfield><mx:subfield code="c">Ispovi︠e︡dnik,</mx:subfield><mx:subfield code="d">d. ca. 818</mx:subfield></mx:datafield><mx:datafield ind1="0" ind2=" " tag="400"><mx:subfield code="a">Feofan,</mx:subfield><mx:subfield code="c">Vizantiĭskiĭ,</mx:subfield><mx:subfield code="d">d. ca. 818</mx:subfield></mx:datafield><mx:datafield ind1="1" ind2=" " tag="400"><mx:subfield code="a">Tʻeopʻanes,</mx:subfield><mx:subfield code="c">Khostovanogh,</mx:subfield><mx:subfield code="d">d. ca. 818</mx:subfield></mx:datafield><mx:datafield ind1=" " ind2=" " tag="670"><mx:subfield code="a">Corpus scriptorum historiae byzantinae.</mx:subfield></mx:datafield><mx:datafield ind1=" " ind2=" " tag="670"><mx:subfield code="a">His The Chronicle of Theophanes, 1982:</mx:subfield><mx:subfield code="b">CIP t.p. (Theophanes)</mx:subfield></mx:datafield><mx:datafield ind1=" " ind2=" " tag="670"><mx:subfield code="a">Encycl. Brit.</mx:subfield><mx:subfield code="b">(Theophanes the Confessor, d. 818)</mx:subfield></mx:datafield><mx:datafield ind1=" " ind2=" " tag="670"><mx:subfield code="a">Krumbacher.</mx:subfield><mx:subfield code="b">(Theophanes Confessor; Theophanēs homologētēs)</mx:subfield></mx:datafield><mx:datafield ind1=" " ind2=" " tag="670"><mx:subfield code="a">Tʻeopʻanes Khostovanogh, 1983:</mx:subfield><mx:subfield code="b">t.p. (Tʻeopʻanes Khostovanogh)</mx:subfield></mx:datafield><mx:datafield ind1=" " ind2=" " tag="999"><mx:subfield code="a">2875.9750</mx:subfield></mx:datafield></mx:record>